@article{Blumenthal,
author = {Blumenthal, M. D. and Kaestner, B. and Li, L. and Giblin, S. and Janssen, T. J. B. M. and Pepper, M. and Anderson, D. and Jones, G. and Ritchie, D. a.},
doi = {10.1038/nphys582},
file = {:home/akels/Dropbox/PumpsLV/Bakalauri-2014/Janis/References/Blumenthal\_2007.pdf:pdf},
issn = {1745-2473},
journal = {Nature Physics},
keywords = {Giblin},
mendeley-groups = {Bakalaurs},
mendeley-tags = {Giblin},
month = apr,
number = {5},
pages = {343--347},
title = {{Gigahertz quantized charge pumping}},
url = {http://www.nature.com/doifinder/10.1038/nphys582},
volume = {3},
year = {2007}
}
@article{Fletcher,
author = {Fletcher, J. D. and See, P. and Howe, H. and Pepper, M. and Giblin, S. P. and Griffiths, J. P. and Jones, G. a. C. and Farrer, I. and Ritchie, D. a. and Janssen, T. J. B. M. and Kataoka, M.},
doi = {10.1103/PhysRevLett.111.216807},
file = {:home/akels/Dropbox/PumpsLV/Bakalauri-2014/Janis/References/PhysRevLett.111.216807 fletcher.pdf:pdf},
issn = {0031-9007},
journal = {Physical Review Letters},
keywords = {Fletcher},
mendeley-groups = {Bakalaurs},
mendeley-tags = {Fletcher},
month = nov,
number = {21},
pages = {216807},
title = {{Clock-Controlled Emission of Single-
 Wave Packets in a Solid-State Circuit}},
url = {http://link.aps.org/doi/10.1103/PhysRevLett.111.216807},
volume = {111},
year = {2013}
}
@article{Battista,
  title = {Spectral distribution and wave function of electrons emitted from a single-particle source in the quantum Hall regime},
  author = {Battista, F. and Samuelsson, P.},
  journal = {Phys. Rev. B},
  volume = {85},
  issue = {7},
  pages = {075428},
  numpages = {11},
  year = {2012},
  month = {Feb},
  publisher = {American Physical Society},
  doi = {10.1103/PhysRevB.85.075428},
  url = {http://link.aps.org/doi/10.1103/PhysRevB.85.075428}
}
@article{Kaestner,
author = {Kaestner, B. and Kashcheyevs, V. and Amakawa, S. and Blumenthal, M. and Li, L. and Janssen, T. and Hein, G. and Pierz, K. and Weimann, T. and Siegner, U. and Schumacher, H.},
doi = {10.1103/PhysRevB.77.153301},
file = {:home/akels/Dropbox/PumpsLV/Bakalauri-2014/Janis/References/Kaestner\_VK.pdf:pdf},
issn = {1098-0121},
journal = {Physical Review B},
mendeley-groups = {Bakalaurs},
month = apr,
number = {15},
pages = {153301},
title = {{Single-parameter nonadiabatic quantized charge pumping}},
url = {http://link.aps.org/doi/10.1103/PhysRevB.77.153301},
volume = {77},
year = {2008}
}			
@article{Giblin,
author={Giblin,S. P. and Kataoka,M. and Fletcher,J. D. and See,P. and Janssen,T. J. B. M. and Griffiths,J. P. and Jones,G. A. C. and Farrer,I. and Ritchie,D. A.},
year={2012},
title={Towards a quantum representation of the ampere using single electron pumps},
journal={Nature Communications},
volume={3},
note={Cited By (since 1996):31}
}
@article{Pekola,
archivePrefix = {arXiv},
arxivId = {arXiv:1208.4030v2},
author = {Pekola, Jukka P. and Saira, Olli-Pentti and Maisi, Ville F. and Kemppinen, Antti and M\"ott\"onen, Mikko and Pashkin, Yuri A. and Averin, Dmitri V.},
eprint = {arXiv:1208.4030v2},
file = {:home/akels/Dropbox/PumpsLV/Bakalauri-2014/Janis/References/Pekola\_Averin\_RMP\_2013.pdf:pdf},
journal = {Reviews of Modern Physics},
mendeley-groups = {Bakalaurs},
title = {{Single-electron current sources: Toward a refined definition of the ampere}},
url = {http://rmp.aps.org/abstract/RMP/v85/i4/p1421\_1},
year = {2013}
}
@article{Bocquillon,
author = {Bocquillon, Erwann and Freulon, Vincent and Parmentier, Fran\c{c}ois D. and Berroir, Jean-Marc and Pla\c{c}ais, Bernard and Wahl, Claire and Rech, J\'{e}rome and Jonckheere, Thibaut and Martin, Thierry and Grenier, Charles and Ferraro, Dario and Degiovanni, Pascal and F\`{e}ve, Gwendal},
doi = {10.1002/andp.201300181},
file = {:home/adminuser/Dropbox/PumpsLV/Bakalauri-2014/Janis/References/bocquillon\_freulon\_andp201300181.pdf:pdf},
issn = {00033804},
journal = {Annalen der Physik},
month = jan,
number = {1-2},
pages = {1--30},
title = {{Electron quantum optics in ballistic chiral conductors}},
url = {http://doi.wiley.com/10.1002/andp.201300181},
volume = {526},
year = {2014}
}
@mastersthesis{Locane,
author = {Locane, Elina},
file = {:home/akels/Dropbox/PumpsLV/Bakalauri-2014/Janis/References/Elina\_notes\_Sept12.pdf:pdf},
mendeley-groups = {Bakalaurs},
school = {University of Lund},
number = {June},
title = {{Wavefunction and spectral properties of single-particle emitters}},
year = {2013}
}
@article{Ferraro,
  title = {Wigner function approach to single electron coherence in quantum Hall edge channels},
  author = {Ferraro, D. and Feller, A. and Ghibaudo, A. and Thibierge, E. and Bocquillon, E. and F\`eve, G. and Grenier, Ch. and Degiovanni, P.},
  journal = {Phys. Rev. B},
  volume = {88},
  issue = {20},
  pages = {205303},
  numpages = {17},
  year = {2013},
  month = {Nov},
  publisher = {American Physical Society},
  doi = {10.1103/PhysRevB.88.205303},
  url = {http://link.aps.org/doi/10.1103/PhysRevB.88.205303}
}
@article{AmJPhys,
author = {Case, William B.},
doi = {10.1119/1.2957889},
file = {:home/akels/Dropbox/PumpsLV/Bakalauri-2014/Janis/References/Wigner\_functions (AmJphys).pdf:pdf},
issn = {00029505},
journal = {American Journal of Physics},
mendeley-groups = {Bakalaurs},
number = {10},
pages = {937},
title = {{Wigner functions and Weyl transforms for pedestrians}},
url = {http://link.aip.org/link/AJPIAS/v76/i10/p937/s1\&Agg=doi},
volume = {76},
year = {2008}
}
@article{timo,
author={Kashcheyevs,V. and Timoshenko,J.},
year={2012},
title={Quantum fluctuations and coherence in high-precision single-electron capture},
journal={Physical Review Letters},
volume={109},
number={21},
}
@misc{Arnis,
author = {Katkevi\v{c}s, Arnis},
file = {:home/adminuser/Dropbox/PumpsLV/Bakalauri-2014/Janis/References/bakd\_main.pdf:pdf},
school = {University of Latvia},
title = {{Quantitative modeling of emission time spectrum}},
note = {Bachelour thesis, University of Latvia, 2014}
}
@article{Ubbelohde,
   author = {{Ubbelohde}, N. and {Hohls}, F. and {Kashcheyevs}, V. and {Wagner}, T. and 
	{Fricke}, L. and {K{\"a}stner}, B. and {Pierz}, K. and {Schumacher}, H.~W. and 
	{Haug}, R.~J.},
    title = "{Partitioning of on-demand electron pairs}",
  journal = {ArXiv e-prints},
archivePrefix = "arXiv",
   eprint = {1404.0030},
 primaryClass = "cond-mat.mes-hall",
 keywords = {Condensed Matter - Mesoscale and Nanoscale Physics},
     year = 2014,
    month = mar,
   adsurl = {http://adsabs.harvard.edu/abs/2014arXiv1404.0030U},
  adsnote = {Provided by the SAO/NASA Astrophysics Data System}
}
@article{Buttiker,
  title = {Charge-fluctuation-induced dephasing in a gated mesoscopic interferometer},
  author = {Seelig, Georg and B\"uttiker, Markus},
  journal = {Phys. Rev. B},
  volume = {64},
  issue = {24},
  pages = {245313},
  numpages = {13},
  year = {2001},
  month = {Dec},
  publisher = {American Physical Society},
  doi = {10.1103/PhysRevB.64.245313},
  url = {http://link.aps.org/doi/10.1103/PhysRevB.64.245313}
}

